@inproceedings{merler07,
  author    = {Michele Merler and
               Carolina Galleguillos and
               Serge J. Belongie},
  title     = {Recognizing Groceries in situ Using in vitro Training Data},
  booktitle = {{CVPR}},
  publisher = {{IEEE} Computer Society},
  year      = {2007}
}

@misc{tensorflow15,
title={{TensorFlow}: Large-Scale Machine Learning on Heterogeneous Systems},
url={http://tensorflow.org/},
note={Software available from tensorflow.org},
author={
    Martín~Abadi and
    Ashish~Agarwal and
    Paul~Barham and
    Eugene~Brevdo and
    Zhifeng~Chen and
    Craig~Citro and
    Greg~S.~Corrado and
    Andy~Davis and
    Jeffrey~Dean and
    Matthieu~Devin and
    Sanjay~Ghemawat and
    Ian~Goodfellow and
    Andrew~Harp and
    Geoffrey~Irving and
    Michael~Isard and
    Yangqing Jia and
    Rafal~Jozefowicz and
    Lukasz~Kaiser and
    Manjunath~Kudlur and
    Josh~Levenberg and
    Dan~Man\'{e} and
    Rajat~Monga and
    Sherry~Moore and
    Derek~Murray and
    Chris~Olah and
    Mike~Schuster and
    Jonathon~Shlens and
    Benoit~Steiner and
    Ilya~Sutskever and
    Kunal~Talwar and
    Paul~Tucker and
    Vincent~Vanhoucke and
    Vijay~Vasudevan and
    Fernanda~Vi\'{e}gas and
    Oriol~Vinyals and
    Pete~Warden and
    Martin~Wattenberg and
    Martin~Wicke and
    Yuan~Yu and
    Xiaoqiang~Zheng},
  year={2015},
}

@inproceedings{krizhevsky12,
  author    = {Alex Krizhevsky and
               Ilya Sutskever and
               Geoffrey E. Hinton},
  title     = {ImageNet Classification with Deep Convolutional Neural Networks},
  booktitle = {{NIPS}},
  pages     = {1106--1114},
  year      = {2012}
}

@article{russakovsky14,
  author    = {Olga Russakovsky and
               Jia Deng and
               Hao Su and
               Jonathan Krause and
               Sanjeev Satheesh and
               Sean Ma and
               Zhiheng Huang and
               Andrej Karpathy and
               Aditya Khosla and
               Michael S. Bernstein and
               Alexander C. Berg and
               Fei{-}Fei Li},
  title     = {ImageNet Large Scale Visual Recognition Challenge},
  journal   = {CoRR},
  volume    = {abs/1409.0575},
  year      = {2014}
}

@article{he15,
  author    = {Kaiming He and
               Xiangyu Zhang and
               Shaoqing Ren and
               Jian Sun},
  title     = {Delving Deep into Rectifiers: Surpassing Human-Level Performance on
               ImageNet Classification},
  journal   = {CoRR},
  volume    = {abs/1502.01852},
  year      = {2015}
}

@misc{lipton15,
  author    = {Zachary Lipton},
  title     = {TensorFlow is Terrific – A Sober Take on Deep Learning
               Acceleration},
  year      = {2015},
  url       = {\url{http://www.kdnuggets.com/2015/12/tensor-flow-terrific-deep-learning-library.html}},
  note      = {Accessed 20-June-2016}
}

@inproceedings{george15,
  author    = {Marian George and
               Dejan Mircic and
               G{\'{a}}bor S{\"{o}}r{\"{o}}s and
               Christian Floerkemeier and
               Friedemann Mattern},
  title     = {Fine-Grained Product Class Recognition for Assisted Shopping},
  booktitle = {{ICCV} Workshops},
  pages     = {546--554},
  publisher = {{IEEE}},
  year      = {2015}
}

@article{donahue13,
  author    = {Jeff Donahue and
               Yangqing Jia and
               Oriol Vinyals and
               Judy Hoffman and
               Ning Zhang and
               Eric Tzeng and
               Trevor Darrell},
  title     = {DeCAF: {A} Deep Convolutional Activation Feature for Generic Visual
               Recognition},
  journal   = {CoRR},
  volume    = {abs/1310.1531},
  year      = {2013}
}

@inproceedings{ren15,
  Author = {Shaoqing Ren and Kaiming He and
            Ross Girshick and Jian Sun},
  Title = {Faster {R-CNN}: Towards Real-Time Object Detection
           with Region Proposal Networks},
  Booktitle = {Neural Information Processing Systems ({NIPS})},
  Year = {2015}
}
