@inproceedings{merler07,
  author    = {Michele Merler and
               Carolina Galleguillos and
               Serge J. Belongie},
  title     = {Recognizing Groceries in situ Using in vitro Training Data},
  booktitle = {{CVPR}},
  publisher = {{IEEE} Computer Society},
  year      = {2007}
}

@misc{tensorflow15,
title={{TensorFlow}: Large-Scale Machine Learning on Heterogeneous Systems},
url={http://tensorflow.org/},
note={Software available from tensorflow.org},
author={
    Martín~Abadi and
    Ashish~Agarwal and
    Paul~Barham and
    Eugene~Brevdo and
    Zhifeng~Chen and
    Craig~Citro and
    Greg~S.~Corrado and
    Andy~Davis and
    Jeffrey~Dean and
    Matthieu~Devin and
    others},
  year={2015},
}

@inproceedings{krizhevsky12,
  author    = {Alex Krizhevsky and
               Ilya Sutskever and
               Geoffrey E. Hinton},
  title     = {ImageNet Classification with Deep Convolutional Neural Networks},
  booktitle = {{NIPS}},
  pages     = {1106--1114},
  year      = {2012}
}

@article{russakovsky14,
  author    = {Olga Russakovsky and
               Jia Deng and
               Hao Su and
               Jonathan Krause and
               Sanjeev Satheesh and
               Sean Ma and
               Zhiheng Huang and
               Andrej Karpathy and
               Aditya Khosla and
               Michael S. Bernstein and
               others},
  title     = {ImageNet Large Scale Visual Recognition Challenge},
  journal   = {CoRR},
  volume    = {abs/1409.0575},
  year      = {2014}
}

@article{he15,
  author    = {Kaiming He and
               Xiangyu Zhang and
               Shaoqing Ren and
               Jian Sun},
  title     = {Delving Deep into Rectifiers: Surpassing Human-Level Performance on
               ImageNet Classification},
  journal   = {CoRR},
  volume    = {abs/1502.01852},
  year      = {2015}
}

@misc{lipton15,
  author    = {Zachary Lipton},
  title     = {TensorFlow is Terrific – A Sober Take on Deep Learning
               Acceleration},
  year      = {2015},
  url       = {\url{http://www.kdnuggets.com/2015/12/tensor-flow-terrific-deep-learning-library.html}},
  note      = {Accessed 20-June-2016}
}

@misc{fair16,
  author    = {Dar\'{i}o Garc\'{i}a Garc\'{i}a and
               Manohar Paluri and
               Shaomei Wu},
  title     = {Under the hood: Building accessibility tools for the visually
               imparied at Facebook},
  year      = {2016},
  url       = {\url{https://code.facebook.com/posts/457605107772545/under-the-hood-building-accessibility-tools-for-the-visually-impaired-on-facebook/}},
  note      = {Accessed 8-September-2016}
}

@article{donahue13,
  author    = {Jeff Donahue and
               Yangqing Jia and
               Oriol Vinyals and
               Judy Hoffman and
               Ning Zhang and
               Eric Tzeng and
               Trevor Darrell},
  title     = {DeCAF: {A} Deep Convolutional Activation Feature for Generic Visual
               Recognition},
  journal   = {CoRR},
  volume    = {abs/1310.1531},
  year      = {2013}
}

@inproceedings{ren15,
  Author = {Shaoqing Ren and Kaiming He and
            Ross Girshick and Jian Sun},
  Title = {Faster {R-CNN}: Towards Real-Time Object Detection
           with Region Proposal Networks},
  Booktitle = {Neural Information Processing Systems ({NIPS})},
  Year = {2015}
}

@article{DBLP:journals/corr/HeldTS15,
  author    = {David Held and
               Sebastian Thrun and
               Silvio Savarese},
  title     = {Deep Learning for Single-View Instance Recognition},
  journal   = {CoRR},
  volume    = {abs/1507.08286},
  year      = {2015}
}

@article{DBLP:journals/corr/GeorgeMSFM15,
  author    = {Marian George and
               Dejan Mircic and
               G{\'{a}}bor S{\"{o}}r{\"{o}}s and
               Christian Floerkemeier and
               Friedemann Mattern},
  title     = {Fine-Grained Product Class Recognition for Assisted Shopping},
  journal   = {CoRR},
  volume    = {abs/1510.04074},
  year      = {2015}
}

@INPROCEEDINGS{4021401,
author={R. Mao and H. Zhu and L. Zhang and A. Chen},
booktitle={Sixth International Conference on Intelligent Systems Design and Applications},
title={A New Method to Assist Small Data Set Neural Network Learning},
year={2006},
volume={1},
pages={17-22},
keywords={data analysis;learning (artificial intelligence);neural nets;probability;support vector machines;artificial neural network model;posterior probability;small data set neural network learning;support vector machine;Algorithm design and analysis;Artificial intelligence;Artificial neural networks;Data engineering;Fault diagnosis;Intelligent networks;Learning systems;Machine learning;Neural networks;Support vector machines},
doi={10.1109/ISDA.2006.67},
ISSN={2164-7143},
month={Oct},}

@inproceedings{DBLP:conf/aaai/SappSN08,
  author    = {Benjamin Sapp and
               Ashutosh Saxena and
               Andrew Y. Ng},
  title     = {A Fast Data Collection and Augmentation Procedure for Object Recognition},
  booktitle = {{AAAI}},
  pages     = {1402--1408},
  publisher = {{AAAI} Press},
  year      = {2008}
}

@article{DBLP:journals/corr/ChatfieldSVZ14,
  author    = {Ken Chatfield and
               Karen Simonyan and
               Andrea Vedaldi and
               Andrew Zisserman},
  title     = {Return of the Devil in the Details: Delving Deep into Convolutional
               Nets},
  journal   = {CoRR},
  volume    = {abs/1405.3531},
  year      = {2014}
}

@inproceedings{DBLP:conf/avss/McLaughlinRM15,
  author    = {Niall McLaughlin and
               Jes{\'{u}}s Mart{\'{\i}}nez del Rinc{\'{o}}n and
               Paul C. Miller},
  title     = {Data-augmentation for reducing dataset bias in person re-identification},
  booktitle = {{AVSS}},
  pages     = {1--6},
  publisher = {{IEEE} Computer Society},
  year      = {2015}
}

@article{DBLP:journals/corr/MasiTLHM16,
  author    = {Iacopo Masi and
               Anh Tuan Tran and
               Jatuporn Toy Leksut and
               Tal Hassner and
               G{\'{e}}rard G. Medioni},
  title     = {Do We Really Need to Collect Millions of Faces for Effective Face
               Recognition?},
  journal   = {CoRR},
  volume    = {abs/1603.07057},
  year      = {2016}
}

@inproceedings{DBLP:conf/dicta/ZhangWHL09,
  author    = {Yuhang Zhang and
               Lei Wang and
               Richard I. Hartley and
               Hongdong Li},
  title     = {Handling Significant Scale Difference for Object Retrieval in a Supermarket},
  booktitle = {{DICTA}},
  pages     = {468--475},
  publisher = {{IEEE} Computer Society},
  year      = {2009}
}
